@article{McCarthy1969,
    author = "McCarthy John and Hayes, P.J.",
    title = "Some philosophical problems from the standpoint of artificial intelligence",
    year = "1969",
    pages = "463-502",
    journal = "Meltzer and Michie, Machine Intelligence",
    keywords = "AI",
}

@inproceedings{Henry2006,
    author = "Henry Kautz Bart Selman and Joerg Hoffmann",
    title = "SatPlan: Planning as Satisfiability",
    booktitle = "5th international planning competition",
    year = "2006",
    note = "5th International Planning Competition",
    keywords = "SAT",
}

@inproceedings{Lynce2006,
    author = "I. Lynce and J. Ouaknine",
    title = "Sudoku as a SAT Problem",
    booktitle = "ISAIM",
    year = "2006",
    note = "9th International Symposium on Artificial Intelligence and Mathematics",
    keywords = "AI",
}

@inproceedings{Weber2005,
    author = "Tjark Weber",
    title = "A SAT-based Sudoku Solver",
    booktitle = "LPAR",
    year = "2005",
    note = "12th International Conference on Logic for Programming Artificial Intelligence and Reasoning(LPAR 2005)",
    keywords = "AI",
}
@inproceedings{Gihwon2006,
    author = "Gihwon Kwon, Himanshu Jain",
    title = "Optimized CNF Encoding for Sudoku Puzzles",
    booktitle = "Proc. 13th International Conference on Logic for Programming Artificial Intelligence and Reasoning (LPAR)",
    year = "2006",
    note = "13th International Conference on Logic for Programming Artificial Intelligence and Reasoning (LPAR 2006)",
    keywords = "AI",
}

@article{Chapman1987,
    author = "David Champan",
    title = "Planning for conjunctive goals",
   journal = "Artificial Intelligence", 
    year = "1987",
    volume = "32",
    pages = "333-377",
}

@article{Stefik1981,
    author = "Mark Stefik",
    title = "Planning with Constraints",
    year = "1981",
    journal = "Artificial Intelligence",
    volume = "16",
    pages = "111-140",
    keywords = "AI",
}

@inproceedings{DeadMan2005,
    author = "DeadMan's Handle Ltd",
    title = "Sudoku solver",
    year = "2005",
    booktitle = "none",
    note = "http://www.sudoku-solver.com/",
    keywords = "AI",
}

@inproceedings{Pete2005,
    author = "Pete Wake",
    title = "Sudoku solver by logic",
    year = "2005",
    booktitle = "none",
    note = "http://www.sudokusolver.co.uk",
    keywords = "AI",
}

@article{Bertram2005,
    author = "Bertram Felgenhauer and Frazer Jarvis",
    title = "Enumerating possible Sudoku grids",
    journal = "Preprint available at http://www. afjarvis. staff. shef. ac. uk/sudoku/sudoku. pdf",
    year = "2005",
    note = "http://www.shef.ac.uk/~pm1afj/sudoku/",
    keywords = "AI",
}
