@inproceedings{McCarthy1969,
  title={Some philosophical problems from the standpoint of artificial intelligence},
  author={McCarthy, John and Hayes, Patrick J},
  booktitle={Readings in artificial intelligence},
  pages={431--450},
  year={1981},
  publisher={Elsevier}
}

@inproceedings{Henry2006,
  title={SatPlan: Planning as satisfiability},
  author={Kautz, Henry and Selman, Bart and Hoffmann, Joerg},
  booktitle={5th international planning competition},
  volume={20},
  pages={156},
  year={2006}
}

@inproceedings{Lynce2006,
  title={Sudoku as a SAT Problem.},
  author={Lynce, In{\^e}s and Ouaknine, Jo{\"e}l},
  booktitle={ISAIM},
  year={2006}
}

@inproceedings{Weber2005,
  title={A SAT-based Sudoku solver},
  author={Weber, Tjark},
  booktitle={LPAR},
  pages={11--15},
  year={2005}
}

@inproceedings{Gihwon2006,
  title={Optimized CNF encoding for sudoku puzzles},
  author={Kwon, Gihwon and Jain, Himanshu},
  booktitle={Proc. 13th International Conference on Logic for Programming Artificial Intelligence and Reasoning (LPAR2006)},
  pages={1--5},
  year={2006}
}

@techreport{chapman1987,
  title={Planning for conjunctive goals.},
  author={Chapman, David},
  year={1985},
  institution={MASSACHUSETTS INST OF TECH CAMBRIDGE ARTIFICIAL INTELLIGENCE LAB}
}

@article{Stefik1981,
  title={Planning with constraints (MOLGEN: Part 1)},
  author={Stefik, Mark},
  journal={Artificial intelligence},
  volume={16},
  number={2},
  pages={111--139},
  year={1981},
  publisher={Elsevier}
}

@article{Bertram2005,
  title={Enumerating possible Sudoku grids},
  author={Felgenhauer, Bertram and Jarvis, Frazer},
  journal={Preprint available at http://www. afjarvis. staff. shef. ac. uk/sudoku/sudoku. pdf},
  year={2005}
}

@inproceedings{DeadMan2005,
    author = {DeadMan's Handle Ltd},
    title = {Sudoku solver},
    year = {2005},
    booktitle = {AI}
}

@inproceedings{Pete2005,
    author = {Pete Wake},
    title = {Sudoku solver by logic},
    year = {2005},
    booktitle = {AI}
}
